
@inproceedings{mitra2007compiling,
  title={Compiling PCRE to FPGA for Accelerating Snort IDS},
  author={Mitra, Abhishek and Najjar, Walid and Bhuyan, Laxmi},
  booktitle={Proceedings of the 3rd ACM/IEEE Symposium on Architecture for networking and communications systems},
  pages={127--136},
  year={2007},
  organization={ACM}
}

@article{bando2012scalable,
  title={Scalable Lookahead Regular Expression Detection System for Deep Packet Inspection},
  author={Bando, Masanori and Artan, N Sertac and Chao, H Jonathan},
  journal={IEEE/ACM Transactions On Networking},
  volume={20},
  number={3},
  pages={699--714},
  year={2012},
  publisher={IEEE}
}

@inproceedings{yang2008compact,
  title={Compact Architecture for High-throughput Regular Expression Matching on FPGA},
  author={Yang, Yi-Hua E and Jiang, Weirong and Prasanna, Viktor K},
  booktitle={Proceedings of the 4th ACM/IEEE Symposium on Architectures for Networking and Communications Systems},
  pages={30--39},
  year={2008},
  organization={ACM}
}

@article{yang2012high,
  title={High-performance and Compact Architecture for Regular Expression Matching on FPGA},
  author={Yang, Yi-Hua and Prasanna, Viktor},
  journal={IEEE Transactions on Computers},
  volume={61},
  number={7},
  pages={1013--1025},
  year={2012},
  publisher={IEEE}
}

@inproceedings{roy2016high,
  title={High Performance Pattern Matching Using the Automata Processor},
  author={Roy, Indranil and Srivastava, Ankit and Nourian, Marziyeh and Becchi, Michela and Aluru, Srinivas},
  booktitle={Parallel and Distributed Processing Symposium, 2016 IEEE International},
  pages={1123--1132},
  year={2016},
  organization={IEEE}
}

@inproceedings{gogte2016hare,
  title={HARE: Hardware Accelerator for Regular Expressions},
  author={Gogte, Vaibhav and Kolli, Aasheesh and Cafarella, Michael J and D'Antoni, Loris and Wenisch, Thomas F},
  booktitle={Microarchitecture (MICRO), 2016 49th Annual IEEE/ACM International Symposium on},
  pages={1--12},
  year={2016},
  organization={IEEE}
}


@electronic{nallatech,
 author={Nallatech, a Molex Company},
 title={Nallatech 385A FPGA Acceleration Card},
 url={https://www.nallatech.com/store/fpga-accelerated-computing/pcie-accelerator-cards/nallatech-385a-arria10-1150-fpga/}
}

@electronic{situ,
 author={Oak Ridge National Laboratory, Cyber and Information Security Research},
 title={Situ},
 url={https://www.ornl.gov/division/projects/situ}
}

@electronic{orca,
 author={Oak Ridge National Laboratory, Cyber and Information Security Research},
 title={Oak Ridge Cyber Analytics (ORCA)},
 url={https://www.ornl.gov/division/projects/orca}
}


@INPROCEEDINGS{7911887, 
  author={J. Goh and S. Adepu and M. Tan and Z. S. Lee}, 
  booktitle={2017 IEEE 18th International Symposium on High Assurance Systems Engineering (HASE)}, 
  title={Anomaly Detection in Cyber Physical Systems Using Recurrent Neural Networks}, 
  year={2017}, 
  volume={}, 
  number={}, 
  pages={140-145}, 
  keywords={Logic gates;Recurrent neural networks;Data models;Predictive models;Storage tanks;Cyber-physical systems;Unsupervised learning;Anomaly detection;Cyber-physical systems;Recurrent}, 
  doi={10.1109/HASE.2017.36}, 
  ISSN={1530-2059}, 
  month={Jan},
}

@article{DBLP:journals/corr/abs-1805-00074,
  author    = {Long Cheng and
               Ke Tian and
               Danfeng Yao and
               Lui Sha and
               Raheem A. Beyah},
  title     = {Checking is Believing: Event-Aware Program Anomaly Detection in Cyber-Physical
               Systems},
  journal   = {CoRR},
  volume    = {abs/1805.00074},
  year      = {2018},
  url       = {http://arxiv.org/abs/1805.00074},
  archivePrefix = {arXiv},
  eprint    = {1805.00074},
  timestamp = {Mon, 13 Aug 2018 16:48:42 +0200},
  biburl    = {https://dblp.org/rec/bib/journals/corr/abs-1805-00074},
  bibsource = {dblp computer science bibliography, https://dblp.org}
}

@article{Formby:2017:CSP:3107080.3084456,
 author = {Formby, David and Walid, Anwar and Beyah, Raheem},
 title = {A Case Study in Power Substation Network Dynamics},
 journal = {Proc. ACM Meas. Anal. Comput. Syst.},
 issue_date = {June 2017},
 volume = {1},
 number = {1},
 month = jun,
 year = {2017},
 issn = {2476-1249},
 pages = {19:1--19:24},
 articleno = {19},
 numpages = {24},
 url = {http://doi.acm.org/10.1145/3084456},
 doi = {10.1145/3084456},
 acmid = {3084456},
 publisher = {ACM},
 address = {New York, NY, USA},
 keywords = {network characterization, power grid, scada},
}

@article{doi:10.1093/biomet/41.1-2.100,
author = {PAGE, E. S.},
title = {CONTINUOUS INSPECTION SCHEMES},
journal = {Biometrika},
volume = {41},
number = {1-2},
pages = {100-115},
year = {1954},
doi = {10.1093/biomet/41.1-2.100},
URL = {http://dx.doi.org/10.1093/biomet/41.1-2.100},
eprint = {/oup/backfile/content_public/journal/biomet/41/1-2/10.1093/biomet/41.1-2.100/2/41-1-2-100.pdf}
}

@article{Malhotra,
author = {Malhotra, Pankaj and Vig, Lovekesh and Shroff, Gautam and Agarwal, Puneet},
title = {{Long Short Term Memory Networks for Anomaly Detection in Time Series}},
journal = {European Symposium on Artificial Neural Networks},
year = {2015},
pages = {22-24}
}

@electronic{swat,
 author={iTrust | Signapore University of Technology and Design (SUTD)},
 title={Secure Water Treatment},
 url={https://itrust.sutd.edu.sg/testbeds/secure-water-treatment-swat/}
}

@electronic{microgrid,
 author={Lantero, Allison for the U.S. Department of Energy},
 title={How Microgrids Work},
 url={https://www.energy.gov/articles/how-microgrids-work},
 note = {Accessed: 2018-10-04}
}

@electronic{freertos,
 author={Amazon Web Services},
 title={FreeRTOS - Market Leading RTOS},
 url={https://www.freertos.org/},
 note = {Accessed: 2018-10-05}
}

@electronic{vxworks,
 author={Wind River Systems, Inc},
 title={VxWorks},
 url={https://www.windriver.com/products/vxworks/},
 note = {Accessed: 2018-10-05}
}

@electronic{qnx,
 author={QNX Software Systems Limited, a subsidiary of BlackBerry},
 title={QNX Operating Systems},
 url={https://blackberry.qnx.com/en},
 note = {Accessed: 2018-10-05}
}

@electronic{nmap,
 author={Lyon, Gordon},
 title={NMAP: THe Network Mapper},
 url={https://nmap.org/},
 note = {Accessed: 2018-10-05}
}

@electronic{movidius,
 author={Intel Corporation},
 title={Intel Movidius Neural Compute Stick},
 url={https://software.intel.com/en-us/neural-compute-stick},
 note = {Accessed: 2018-10-05}
}

@electronic{movidius,
 author={Intel Corporation},
 title={Intel Movidius Neural Compute Stick},
 url={https://software.intel.com/en-us/neural-compute-stick},
 note = {Accessed: 2018-10-05}
}

@electronic{zynq,
 author={Xilinx, Inc.},
 title={Zynq UltraScale+ MPSoC},
 url={https://www.xilinx.com/products/silicon-devices/soc/zynq-ultrascale-mpsoc.html#productTable},
 note = {Accessed: 2018-10-05}
}

@electronic{sel_computers,
 author={Schweitzer Engineering Laboratories},
 title={SEL-3355 Rack-Mount Computer},
 url={https://selinc.com/products/3355/},
 note = {Accessed: 2018-10-05}
}

@electronic{nvidia_agx,
 author={NVIDIA Corporation},
 title={NVIDIA Drive AGX},
 url={https://www.nvidia.com/en-us/self-driving-cars/drive-platform/hardware/},
 note = {Accessed: 2018-10-05}
}

@electronic{ettus,
 author={Ettus Research},
 title={USRP E312 Batter Operated Embedded Software Defined Radio (SDR)},
 url={https://www.ettus.com/product/details/USRP-E312},
 note = {Accessed: 2018-10-05}
}

@electronic{darpa_hackfest,
 author={Ettus Research},
 title={DARPA SDR Hackfest},
 url={https://darpahackfest.com/bay-area-hackfest#Bay-Area-Hackfest-Mission},
 note = {Accessed: 2018-10-05}
}

@INPROCEEDINGS{5693294, 
author={J. L. Horey}, 
booktitle={2010 IEEE International Conference on Data Mining Workshops}, 
title={Challenges in Scheduling Aggregation in Cyberphysical Information Processing Systems}, 
year={2010}, 
volume={}, 
number={}, 
pages={148-153}, 
keywords={data analysis;pattern clustering;scheduling;telecommunication computing;telecommunication network routing;wireless sensor networks;cyberphysical information processing systems;data aggregation;MapReduce clusters;cyber physical networks;sensor networks;overall latency;intelligently scheduling aggregation;intermediate routing nodes;distributed scheduler;wireless information processing systems;aggregation computation;naive scheduling;Computational modeling;Routing;Data models;Information processing;Processor scheduling;Aggregates;Wireless sensor networks;sensor networks;scheduling;information processing;aggregation}, 
doi={10.1109/ICDMW.2010.96}, 
ISSN={2375-9232}, 
month={Dec},}

@inproceedings{potok2016study, title= {A study of complex deep learning networks on high performance, neuromorphic, and quantum computers}, author= {Potok, Thomas E and Schuman, Catherine D and Young, Steven R and Patton, Robert M and Spedalieri, Federico and Liu, Jeremy and Yao, Ke-Thia and Rose, Garrett and Chakma, Gangotree}, booktitle= {Proceedings of the Workshop on Machine Learning in High Performance Computing Environments}, pages= {47--55}, year= {2016}, organization= {IEEE Press}}


@INPROCEEDINGS{mbd:17:neon,
    title = "{NeoN}: Neuromorphic Control for Autonomous Robotic Navigation",
    author = "J. P. Mitchell and G. Bruer and M. E. Dean and J. S. Plank and
                  G. S. Rose and C. D. Schuman",
    booktitle = "IEEE 5th International Symposium on Robotics and Intelligent Sensors",
    month = "October",
    year = "2017",
    address = "Ottawa, Canada",
    pages = "136-142"
}


@electronic{rexygen,
 author={Rexygen},
 title={Raspberry Pi | Rexygen},
 url={https://www.rexygen.com/raspberry-pi-platform/},
 note = {Accessed: 2018-10-05}
}

@electronic{curtiss:wright,
 author={Curtiss-Wright},
 title={3U VPX GPGPU Processor Card},
 url={https://www.curtisswrightds.com/products/cots-boards/processor-cards/gpu-dsp/},
 note = {Accessed: 2018-10-05}
}

@electronic{integrity_rtos,
 author={Green Hills Software},
 title={Integrity Real-Time Operating System},
 url={https://ghs.com/products/rtos/integrity.html},
 note = {Accessed: 2018-10-05}
}

https://ghs.com/products/rtos/integrity.html

https://www.rexygen.com/raspberry-pi-platform/

https://www.ettus.com/product/details/USRP-E312
https://www.nvidia.com/en-us/self-driving-cars/drive-platform/
https://selinc.com/products/?configurable.yes&Cybersecurity.Data%20Processing