@Manual{lacava1992,
  title = 	 {TCGS Guide to the Preparation of Theses and Dissertations},
  key = 	 {},
  author = 	 {Lacava, Ann L.},
  organization = {},
  address = 	 {Knoxville, Tennessee},
  edition = 	 {},
  month = 	 {},
  year = 	 {1992},
  note = 	 {},
  annote = 	 {}
}

@Manual{ttu1989,
  title = 	 {Tennessee Technological University Thesis Manual},
  key = 	 {},
  author = 	 {},
  organization = {},
  address = 	 {Cookeville, Tennessee},
  edition = 	 {},
  month = 	 {},
  year = 	 {1989},
  note = 	 {},
  annote = 	 {}
}

@Book{gibaldi1988,
  author = 	 {Joseph Gibaldi and Walter S. Achtert},
  editor = 	 {},
  title = 	 {MLA Handbook for Writers of Research Papers},
  publisher = 	 {The Modern Language Association of America},
  year = 	 {1988},
  key = 	 {},
  volume = 	 {},
  number = 	 {},
  series = 	 {},
  address = 	 {New York},
  edition = 	 {3rd},
  month = 	 {},
  note = 	 {},
  annote = 	 {}
}

@Book{apa1983,
  author = 	 {American Psychological Association},
  editor = 	 {},
  title = 	 {Publication Manual of the American Psychological Association},
  publisher = 	 {American Psychological Association {(APA)}},
  year = 	 {1983},
  key = 	 {},
  volume = 	 {},
  number = 	 {},
  series = 	 {},
  address = 	 {Washington, D.C.},
  edition = 	 {3rd},
  month = 	 {},
  note = 	 {},
  annote = 	 {}
}

@Book{cbe1983,
  author = 	 {{CBE} Style Manual Committee},
  editor = 	 {},
  title = 	 {CBE Style Manual},
  publisher = 	 {Council of Biological Editors, Inc.},
  year = 	 {1983},
  key = 	 {},
  volume = 	 {},
  number = 	 {},
  series = 	 {},
  address = 	 {Bethesda, Maryland},
  edition = 	 {5th},
  month = 	 {},
  note = 	 {},
  annote = 	 {}
}

@Book{campbell1990,
  author = 	 {William G. Campbell and Stephen V. Ballou and Carole Slade},
  editor = 	 {},
  title = 	 {Form and Style: Theses, Reports, Term Papers},
  publisher = 	 {Houghton Mifflin Company},
  year = 	 {1990},
  key = 	 {},
  volume = 	 {},
  number = 	 {},
  series = 	 {},
  address = 	 {Boston},
  edition = 	 {8th},
  month = 	 {},
  note = 	 {},
  annote = 	 {}
}

@Book{chicago1982,
  author = 	 {University of Chicago Press Staff},
  editor = 	 {},
  title = 	 {The Chicago Manual of Style},
  publisher = 	 {The University of Chicago},
  year = 	 {1982},
  key = 	 {},
  volume = 	 {},
  number = 	 {},
  series = 	 {},
  address = 	 {Chicago},
  edition = 	 {},
  month = 	 {},
  note = 	 {},
  annote = 	 {}
}

@Book{hodges1990,
  author = 	 {John C. Hodges and Mary E. Whitten and Winifred B. Horner and Suzanne S. Webb and Robert K. Miller},
  editor = 	 {},
  title = 	 {Harbrace College Handbook},
  publisher = 	 {Harcourt Brace Jovanovich},
  year = 	 {1990},
  key = 	 {},
  volume = 	 {},
  number = 	 {},
  series = 	 {},
  address = 	 {New York},
  edition = 	 {11th},
  month = 	 {},
  note = 	 {},
  annote = 	 {}
}

@Book{webster1993,
  author = 	 {{Merriam-Webster}},
  editor = 	 {},
  title = 	 {Merriam-Webster's Collegiate Dictionary},
  publisher = 	 {Merriam-Webster, Inc.},
  year = 	 {1993},
  key = 	 {},
  volume = 	 {},
  number = 	 {},
  series = 	 {},
  address = 	 {Springfield, Massachusetts},
  edition = 	 {10th},
  month = 	 {},
  note = 	 {},
  annote = 	 {}
}

@Manual{loc1988,
title = {Circular 21: Reproduction of Copyrighted Works by Educators and Librarians},
key = {},
author = {},
organization = {Library of Congress},
address = {Washington, D.C.},
edition = {},
month = {May},
year = {1988},
note = {},
annote = {}
}

@Book{turabian1987,
  author = 	 {Kate L. Turabian},
  editor = 	 {},
  title = 	 {A Manual for Writers of Term Papers, Theses, and Dissertations},
  publisher = 	 {The University of Chicago Press},
  year = 	 {1987},
  key = 	 {},
  volume = 	 {},
  number = 	 {},
  series = 	 {},
  address = 	 {Chicago and London},
  edition = 	 {5th},
  month = 	 {},
  note = 	 {},
  annote = 	 {}
}

@Manual{wordperfect1988,
title = {WordPerfect for IBM Personal Computers and PC Networks, Version 5.1},
key = {},
author = {},
organization = {Wordperfect Corporation},
address = {Orem, Utah},
edition = {},
month = {},
year = {1988},
note = {},
annote = {}
}

@Book{alfieri1988,
  author = 	 {Vincent Alfieri},
  editor = 	 {},
  title = 	 {The Best Book of: WordPerfect Version 5.0},
  publisher = 	 {Hayden Books},
  year = 	 {1988},
  key = 	 {},
  volume = 	 {},
  number = 	 {},
  series = 	 {},
  address = 	 {Indianapolis, Indiana},
  edition = 	 {},
  month = 	 {},
  note = 	 {},
  annote = 	 {}
}
